2952 4734
258 283 297 349 τι
403 275 1115 361 .οκΛκτικο.εκιτιεςοκκτ.ε.
1215 267 1217 274 “

255 451 354 535 μένων
373 449 425 516 καλ
451 447 520 535 ντερλ
546 443 628 546 άμάς
652 441 883 515 ἐσπουδακότων
910 439 1083 535 η’τησασδε,
1114 449 1152 520 οὖ
1171 443 1279 548 τοσσά-

255 579 326 634 τον,
352 547 395 628 ὥς
416 551 509 630 ἔοικε,
539 558 594 618 τοῦ
613 555 716 635 λαβεῖν
737 575 765 615 τι
784 556 843 616 τῶν
864 554 1096 637 ἐφηφισμὼων,
1126 555 1201 624 ὅσον
1221 567 1280 628 cori

198 659 441 742 ’12μαρτνρῆσαι
463 653 517 734 μὲν
546 654 612 736 ἐμοὶΙ
639 655 768 742 δημοσία
795 650 829 720 τὸ
847 653 902 752 ’μὴ
929 661 1053 734 δικαίως,
1076 654 1278 743 ἐξεληλάσθαι,

255 763 444 842 καταγνῶναι
464 755 496 820 δὲ
512 753 573 820 τοῖν
592 762 680 822 τοῦτο
703 749 884 841 δρασάντων.
915 753 986 826 οάτε
1006 757 1064 848 γάρ
1086 765 1205 843 αἰτῆσαι
1225 754 1289 846 xri-⁸

255 885 339 945 ριτας
359 855 440 941 παρά
467 863 522 924 τοῦ
542 855 583 940 μὴ
610 859 803 944 στεργομένου
829 885 875 936 τις
901 857 940 927 siv
969 861 1038 928 οὔτε
1065 869 1167 947 λαβεῖν
1195 863 1277 950 παρά

254 968 313 1026 τοῦ
339 955 380 1044 pri
409 961 581 1046 στέργοντας
607 955 803 1052 άκομείνειεν.
840 962 909 1031 onita
930 972 993 1030 ’νῦν
1023 969 1232 1052 παραδέδωκεν
1258 963 1325 1042 675

253 1059 358 1146 καιρὰς
377 1064 554 1146 μέμψασθαι
573 1063 626 1146 μὲν
646 1061 740 1152 ipat,
773 1059 814 1142 τάς
836 1061 872 1132 ori
900 1061 1076 1149 φιλτάτους,
1103 1065 1174 1144 τούς
1195 1062 1276 1156 κρά-

250 1191 325 1244 τους
350 1163 481 1266 γράνους
499 1164 593 1248 μηδὲν
614 1167 843 1254 αἰτησαμένους,
865 1163 1073 1257 εάχαριστῆσαι
1093 1169 1126 1236 δὲ
1145 1175 1203 1236 τοῦ
1218 1195 1286 1236 noa

284 1386 328 1442 γυ.
363 1367 422 1426 Καὶ
432 1367 494 1440 τεέρλ
508 1361 580 1438 άμάς
601 1367 738 1428 ἕστιουδα-
786 1371 854 1426 beat
868 1370 1097 1442 αἰτιασαμένους,
1109 1373 1274 1442 proculdu-

249 1435 351 1510 νότων]
378 1441 441 1497 Δδίο
463 1439 530 1494 libri
550 1457 655 1496 omnes.
695 1443 739 1495 Ad
785 1443 834 1495 bio
858 1451 997 1512 corrupte.
1027 1446 1136 1498 BOYL.
1172 1444 1272 1498 Facilis

250 1527 331 1564 oram
349 1509 495 1578 utriusque
511 1509 573 1565 MS.
592 1511 682 1580 Lugd.
705 1515 737 1566 A.
788 1521 824 1577 et,
842 1521 969 1580 utputo,
991 1530 1054 1577 vera
1070 1513 1163 1582 Βογλεί
1179 1529 1272 1564 emen-

249 1588 279 1631 et
311 1579 395 1648 Angl.
421 1579 531 1632 ellitum
561 1574 613 1646 τήν
639 1578 737 1646 πόλινς
788 1581 863 1633 datio
881 1591 937 1648 est,
956 1581 1166 1650 αἰτιασαμένους
1179 1581 1210 1633 in
1228 1582 1272 1636 αἰ·

250 1649 343 1720 quod,
362 1647 428 1700 siin
444 1649 511 1718 ipsis
532 1649 612 1702 MSS.
632 1650 737 1716 fuisset,
786 1649 955 1720 τησαμένους
988 1653 1133 1704 mutantis.
1170 1651 1270 1704 -Ισευτ

248 1735 308 1770 non
319 1717 506 1786 displicuisset
515 1719 646 1772 omnino:
660 1737 737 1772 nunc
786 1730 850 1771 ante
863 1737 927 1772 eum
940 1719 1136 1774 animadvertit
1148 1722 1204 1773 iam
1214 1722 1270 1773 Ga·

248 1789 371 1840 alterum
386 1787 492 1839 malim.
527 1791 619 1856 Atque
640 1789 736 1842 ecdem
785 1789 913 1854 toleras,
948 1789 991 1840 vir
1009 1790 1200 1854 doctissimus,
1235 1790 1269 1842 ad

183 1877 185 1884 ’
248 1857 358 1918 ratione
376 1857 488 1908 locutus
507 1867 604 1908 auctor
625 1873 669 1924 ep.
690 1875 733 1910 ον.
784 1861 827 1908 M.
845 1860 1002 1908 Antoninum
1025 1859 1046 1910 l.
1069 1861 1130 1910 VII.
1155 1877 1181 1926 p.
1207 1859 1266 1927 264.

247 1923 320 1994 Ἔγτδ
334 1922 364 1979 δὲ
383 1923 446 1994 neci
463 1919 536 1992 άμάς
549 1923 733 1988 ἐσπουδακώς.
783 1928 861 1978 cuius
875 1927 1026 1978 sententiae
1039 1927 1137 1978 lubens
1156 1928 1266 1982 accedo.

283 1999 338 2064 [75.
358 1989 422 2048 orins
436 1996 499 2050 viv.
522 1997 641 2062 Negatio
665 1997 733 2068 quid
783 1997 818 2047 In
840 1997 930 2062 ipsam
950 1996 1120 2060 orationem,
1150 2006 1182 2050 ut
1205 2007 1269 2050 ante

248 2065 303 2117 sibi
325 2063 409 2132 velit,
441 2081 499 2114 non
517 2064 652 2133 intelligo.
685 2066 735 2116 So·
782 2081 828 2116 me
843 2065 948 2116 fecerat
964 2065 1088 2134 Βογὶεκε,
1107 2065 1271 2133 hocprom⁴

246 2133 340 2204 phista
365 2133 479 2183 videtur
504 2131 610 2184 dedisse
644 2123 676 2186 asi
695 2152 733 2187 τε.
782 2131 839 2184 tius
860 2134 890 2184 id
905 2133 1002 2196 intuli,
1035 2135 1111 2203 quod
1136 2135 1166 2186 in
1199 2136 1270 2186 snti-

246 2205 313 2256 Duo
338 2211 430 2254 autern
453 2195 469 2254 ὁ
491 2195 589 2266 καιρός
614 2201 734 2267 καραδέ-
784 2202 916 2270 quissimo
936 2203 1047 2270 codice,
1066 2203 1155 2270 Lugd.
1175 2207 1206 2255 A.
1226 2203 1281 2255 in-.

247 2275 351 2337 δωκεν,
378 2279 406 2322 et
428 2269 596 2340 μέμψασθαι
612 2266 735 2338 εῑεάχυι-
783 2271 856 2323 veni.
911 2271 993 2340 Quod
1030 2282 1170 2340 praetcrea
1202 2269 1267 2324 loco

245 2334 563 2410 pasinicus.“Perperam
577 2341 733 2409 Lennepius
757 2335 911 2412 ,κράτους
951 2337 1071 2408 χρόνους
1119 2340 1275 2410 legendum*

247 2407 470 2480 deoppositione
486 2409 626 2478 cogitavit.
649 2412 681 2461 G.
695 2415 732 2462 H.
783 2411 904 2460 coniecit
934 2411 1079 2460 Gataierut
1108 2410 1128 2460 1.
1161 2429 1184 2462 ο.
1211 2403 1268 2478 noi

248 2484 289 2545 S.]
782 2481 835 2532 τοά
849 2475 975 2546 χρόνους,
993 2479 1167 2548 paucissimis
1183 2479 1267 2530 credo

206 2573 238 2610 12
281 2549 322 2618 76.
338 2541 676 2615 ’Μὲμψασθαιμδνάμᾶς
694 2542 732 2610 οἱς
781 2549 959 2616 placiturum.
986 2551 1113 2612 Nostram
1128 2549 1264 2616 loquendi

223 2613 282 2678 soti
299 2612 461 2686 φιλτάτους,
479 2635 502 2668 τ.
527 2619 571 2684 εκ]
607 2618 731 2669 Antehac
781 2617 919 2668 rationem
934 2619 1063 2688 exemplis
1079 2618 1184 2670 dudum
1196 2617 1265 2673 illu-

246 2691 366 2742 editum:
392 2685 569 2755 Μέμψασθαι
586 2684 637 2754 μὲν
660 2681 731 2754 ὑμᾶς
780 2686 877 2738 stravit
888 2691 923 2740 H.
942 2688 1094 2753 Stephanus.

246 2753 284 2820 sic
301 2751 465 2824 φιλτάτους,
484 2751 549 2818 τούς
565 2774 593 2808 τι.
606 2765 637 2808 ut
646 2757 730 2809 etiarn

245 2830 274 2882 in
290 2826 457 2896 quibusdam
470 2827 549 2877 MSS.
573 2834 629 2888 est;
654 2827 730 2895 quod

242 2883 313 2950 ierri
332 2903 434 2962 potest,
459 2895 543 2946 modo
564 2895 664 2961 verba,
694 2889 731 2956 cin

245 2961 404 3036 φιλτάτους,
422 2971 520 3028 vertas,
545 2981 621 3031 quom
643 2968 731 3014 caris-

244 3042 332 3097 simos,
359 3034 436 3102 longe
467 3035 622 3083 carissimos.
675 3034 731 3101 Qui

245 3121 310 3158 usus
320 3100 472 3170 particulae
485 3095 522 3161 oie
536 3101 629 3152 notior
638 3111 731 3152 tamen

243 3175 409 3239 interpretes
433 3180 543 3220 nostros
569 3170 616 3222 hio
641 3171 729 3238 fugit:

244 3237 457 3304 ieddunteuim,
477 3251 610 3307 tanquam,
630 3240 683 3303 vel,
702 3251 731 3288 ut

245 3315 412 3370 carissimoa;
453 3307 566 3376 quoda
594 3308 731 3359 sententia

243 3381 302 3433 loci
323 3377 453 3430 alienum.
502 3375 631 3445 ΒυγΙευε,
663 3393 729 3445 quc,

228 3435 326 3520 xputo,
352 3461 380 3496 se
401 3445 555 3512 expediret,
579 3445 608 3494 in
626 3445 726 3496 Latino

240 3537 294 3572 suo
313 3518 395 3587 plane
413 3515 514 3566 omisit.
558 3513 662 3568 Melius
680 3531 727 3564 au-

215 3587 314 3642 ·ctori
333 3584 514 3648 consulueris,
540 3582 563 3634 si
583 3582 726 3651 scripseris

242 3676 307 3713 curn
334 3653 446 3722 optimis
471 3650 726 3720 antiquissimisque

238 3729 337 3794 libris,
356 3721 446 3790 Lugd.
473 3724 504 3772 A.
531 3730 558 3772 et
582 3721 664 3788 Angl.
689 3713 727 3780 sis

241 3791 277 3850 ου’
295 3788 451 3866 φιλτάτους.
470 3789 588 3842 Sensum
608 3789 728 3858 expressi

239 3867 268 3918 in
283 3867 393 3920 Latino.

274 3953 315 4006 ῃ.
355 3923 429 3992 Totis
455 3921 582 3996 κράτους
610 3923 728 3996 χρόνους

238 4004 326 4073 μηδὲν
341 3996 552 4076 αἰτησαμένους]
571 3999 615 4048 Ita
629 4013 726 4048 censeo

238 4073 404 4148 legendum
429 4082 526 4122 omnes
545 4064 656 4122 codices
679 4065 727 4120 ht·

769 2783 773 2786 ·
814 2775 855 2826 77.
882 2753 1098 2824 Εὐχαριστῆσαι]
1124 2759 1265 2823 Interpre-

781 2833 839 2891 tes,
866 2825 1039 2907 quiquehoe
1058 2825 1122 2876 loeo
1142 2825 1186 2876 usi
1207 2825 1268 2876 iue-

780 2905 847 2946 runt
855 2929 862 2955 ,
896 2902 927 2944 ut
946 2899 1128 2961 ευγαριστεῖν,
1158 2897 1266 2961 gratias

782 2964 878 3030 agendi
911 2962 1115 3030 significatione
1151 2962 1266 3014 obvium

781 3031 810 3081 iu
829 3031 937 3099 scriptis
952 3031 1046 3094 sacris,
1063 3031 1198 3083 Graeciae
1207 3031 1266 3082 vin·

782 3101 915 3167 dicarent,
936 3100 987 3151 viri
1002 3100 1189 3166 tiocti,omnes
1205 3099 1265 3150 red·
1348 3103 1351 3112 ¹

781 3169 927 3235 dideruut‚
944 3174 1051 3237 grurr'os
1064 3189 1149 3238 agere.
1182 3167 1266 3235 Quod

781 3241 804 3289 si
822 3254 886 3288 vere
902 3239 930 3290 in
949 3240 1041 3290 animo
1054 3239 1150 3290 habuit
1166 3245 1266 3290 auctor

780 3316 889 3371 noster,
917 3307 980 3374 quid
1009 3309 1065 3359 illis
1091 3307 1190 3371 iacies,
1216 3305 1265 3374 qui

781 3378 874 3446 ipsum
895 3377 1026 3427 Phalarin
1044 3377 1089 3426 hic
1105 3373 1181 3442 loqui
1212 3391 1264 3440 pu·

778 3445 858 3496 taut?
894 3446 983 3513 Neget
1010 3445 1084 3498 enim
1113 3441 1264 3494 scholiasta

777 3515 893 3562 Lnniani
909 3522 978 3567 torn.
995 3517 1017 3567 Ι.
1041 3531 1067 3584 p.
1092 3529 1133 3579 ες.
1155 3505 1290 3584 εὔχαρι-γ,

777 3587 847 3635 στεῖν
864 3577 941 3652 παρά
964 3589 1023 3645 τοῖς
1046 3575 1262 3649 άρηαλοιςλέγε·

777 3655 863 3712 σθαις
893 3654 995 3704 nedum
1020 3653 1074 3702 isto
1101 3667 1191 3704 sensu.
1228 3656 1263 3702 At

777 3721 900 3788 exempla
928 3719 1131 3792 quamplurima
1157 3719 1263 3770 scilicet

777 3789 851 3858 apud
868 3799 972 3842 veteres
986 3789 1181 3852 inveniuntur,
1201 3786 1264 3855 qui·

776 3858 828 3910 bus
846 3859 961 3910 refutari
978 3858 1000 3908 is
1018 3858 1114 3926 possit.
1149 3859 1207 3908 Nec
1220 3865 1263 3906 ta·
1319 3879 1330 3896 x

777 3943 841 3978 men
854 3927 970 3990 falsum,
996 3925 1071 3996 quod
1083 3925 1212 3988 tradidit,
1237 3923 1263 3976 si

776 3995 858 4047 istam
880 3997 986 4063 gratias
1014 3995 1113 4063 agendi
1127 3995 1262 4050 virtutem

777 4071 901 4136 spectas,
935 4071 964 4115 ct
993 4060 1027 4115 dc
1054 4061 1277 4132 antiquioribus
